@misc{wikibook_latex,
    title={WikiBooks/LaTex},
    publisher={WikiBooks},
    howpublished = "\url{http://en.wikibooks.org/wiki/LaTeX}",
}

@misc{sharelatex_bibtex,
    howpublished = "\url{https://www.sharelatex.com/learn/Bibliography_management_with_bibtex}",
}

@misc{stack_overflow,
    howpublished = "\url{http://tex.stackexchange.com/}",
}

@misc{this,
    howpublished = "\url{https://www.sharelatex.com/project/553fd5615b7540575c138105}",
}
